%%%%%%%%%%%%%%%%%%%%%%%%%%%%%%%%
%%%%%%%%%%% MY PAPERS %%%%%%%%%%%%%%
%%%%%%%%%%%%%%%%%%%%%%%%%%%%%%%%

@ARTICLE{bergeroppermann,
   author = {{Berger}, P. and {Oppermann}, N. and {Pen}, U.-L. and {Shaw}, J.~R.
	},
    title = "{An efficient method for removing point sources from full-sky radio interferometric maps}",
  journal = "Mon. Not. Roy. Astron. Soc.",
archivePrefix = "arXiv",
   eprint = {1612.03255},
 primaryClass = "astro-ph.IM",
 keywords = {techniques: interferometric, large-scale structure of Universe, cosmology: observations, radio continuum: general, radio lines: galaxies},
     year = 2017,
    month = dec,
   volume = 472,
    pages = {4928-4934},
      doi = {10.1093/mnras/stx2329},
   adsurl = {http://adsabs.harvard.edu/abs/2017MNRAS.472.4928B},
  adsnote = {Provided by the SAO/NASA Astrophysics Data System}
}

@INPROCEEDINGS{bergernewburgh,
   author = {{Berger}, P. and {Newburgh}, L.~B. and {Amiri}, M. and {Bandura}, K. and 
	{Cliche}, J.-F. and {Connor}, L. and {Deng}, M. and {Denman}, N. and 
	{Dobbs}, M. and {Fandino}, M. and {Gilbert}, A.~J. and {Good}, D. and 
	{Halpern}, M. and {Hanna}, D. and {Hincks}, A.~D. and {Hinshaw}, G. and 
	{H{\"o}fer}, C. and {Johnson}, A.~M. and {Landecker}, T.~L. and 
	{Masui}, K.~W. and {Mena Parra}, J. and {Oppermann}, N. and 
	{Pen}, U.-L. and {Peterson}, J.~B. and {Recnik}, A. and {Robishaw}, T. and 
	{Shaw}, J.~R. and {Siegel}, S. and {Sigurdson}, K. and {Smith}, K. and 
	{Storer}, E. and {Tretyakov}, I. and {Van Gassen}, K. and {Vanderlinde}, K. and 
	{Wiebe}, D.},
    title = "{Holographic beam mapping of the CHIME pathfinder array}",
booktitle = {Ground-based and Airborne Telescopes VI},
     year = 2016,
   series = PROCSPIE,
   volume = 9906,
archivePrefix = "arXiv",
   eprint = {1607.01473},
 primaryClass = "astro-ph.IM",
    month = aug,
      eid = {99060D},
    pages = {99060D},
      doi = {10.1117/12.2233782},
   adsurl = {http://adsabs.harvard.edu/abs/2016SPIE.9906E..0DB},
  adsnote = {Provided by the SAO/NASA Astrophysics Data System}
}

@article{bergeralvarezbondstein,
      author         = "Berger, P. and Alvarez, M. and Bond, J.~R. and Stein, G.",
      title = {in prep}
}

%%%%%%%%%%%%%%%%%%%%%%%%%%%%%%%%%%%%%%%%
%%%%%%%%%%%%%%% INTRODUCTION %%%%%%%%%%%%%%%%
%%%%%%%%%%%%%%%%%%%%%%%%%%%%%%%%%%%%%%%%

@ARTICLE{planckcosmo,
   author = {{Planck Collaboration} and {Ade}, P.~A.~R. and {Aghanim}, N. and 
	{Arnaud}, M. and {Ashdown}, M. and {Aumont}, J. and {Baccigalupi}, C. and 
	{Banday}, A.~J. and {Barreiro}, R.~B. and {Bartlett}, J.~G. and et al.},
    title = "{Planck 2015 results. XIII. Cosmological parameters}",
  journal = {Astronomy \& Astrophysics},
archivePrefix = "arXiv",
   eprint = {1502.01589},
 keywords = {cosmology: observations, cosmology: theory, cosmic background radiation, cosmological parameters},
     year = 2016,
    month = sep,
   volume = 594,
      eid = {A13},
    pages = {A13},
      doi = {10.1051/0004-6361/201525830},
   adsurl = {http://adsabs.harvard.edu/abs/2016A%26A...594A..13P},
  adsnote = {Provided by the SAO/NASA Astrophysics Data System}
}

@ARTICLE{planckxbicep,
   author = {{BICEP2/Keck Collaboration} and {Planck Collaboration} and {Ade}, P.~A.~R. and 
	{Aghanim}, N. and {Ahmed}, Z. and {Aikin}, R.~W. and {Alexander}, K.~D. and 
	{Arnaud}, M. and {Aumont}, J. and {Baccigalupi}, C. and et al.},
    title = "{Joint Analysis of BICEP2/Keck Array and Planck Data}",
  journal = {Physical Review Letters},
archivePrefix = "arXiv",
   eprint = {1502.00612},
 keywords = {Background radiations, Gravitational wave detectors and experiments, Radio microwave, Observational cosmology},
     year = 2015,
    month = mar,
   volume = 114,
   number = 10,
      eid = {101301},
    pages = {101301},
      doi = {10.1103/PhysRevLett.114.101301},
   adsurl = {http://adsabs.harvard.edu/abs/2015PhRvL.114j1301B},
  adsnote = {Provided by the SAO/NASA Astrophysics Data System}
}

@ARTICLE{boss,
   author = {{Ross}, A.~J. and {Beutler}, F. and {Chuang}, C.-H. and {Pellejero-Ibanez}, M. and 
	{Seo}, H.-J. and {Vargas-Maga{\~n}a}, M. and {Cuesta}, A.~J. and 
	{Percival}, W.~J. and {Burden}, A. and {S{\'a}nchez}, A.~G. and 
	{Grieb}, J.~N. and {Reid}, B. and {Brownstein}, J.~R. and {Dawson}, K.~S. and 
	{Eisenstein}, D.~J. and {Ho}, S. and {Kitaura}, F.-S. and {Nichol}, R.~C. and 
	{Olmstead}, M.~D. and {Prada}, F. and {Rodr{\'{\i}}guez-Torres}, S.~A. and 
	{Saito}, S. and {Salazar-Albornoz}, S. and {Schneider}, D.~P. and 
	{Thomas}, D. and {Tinker}, J. and {Tojeiro}, R. and {Wang}, Y. and 
	{White}, M. and {Zhao}, G.-b.},
    title = "{The clustering of galaxies in the completed SDSS-III Baryon Oscillation Spectroscopic Survey: observational systematics and baryon acoustic oscillations in the correlation function}",
  journal = {MNRAS},
archivePrefix = "arXiv",
   eprint = {1607.03145},
 keywords = {cosmology: observations, large-scale structure of Universe},
     year = 2017,
    month = jan,
   volume = 464,
    pages = {1168-1191},
      doi = {10.1093/mnras/stw2372},
   adsurl = {http://adsabs.harvard.edu/abs/2017MNRAS.464.1168R},
  adsnote = {Provided by the SAO/NASA Astrophysics Data System}
}

@ARTICLE{cfhtlens,
   author = {{Heymans}, C. and {Grocutt}, E. and {Heavens}, A. and {Kilbinger}, M. and 
	{Kitching}, T.~D. and {Simpson}, F. and {Benjamin}, J. and {Erben}, T. and 
	{Hildebrandt}, H. and {Hoekstra}, H. and {Mellier}, Y. and {Miller}, L. and 
	{Van Waerbeke}, L. and {Brown}, M.~L. and {Coupon}, J. and {Fu}, L. and 
	{Harnois-D{\'e}raps}, J. and {Hudson}, M.~J. and {Kuijken}, K. and 
	{Rowe}, B. and {Schrabback}, T. and {Semboloni}, E. and {Vafaei}, S. and 
	{Velander}, M.},
    title = "{CFHTLenS tomographic weak lensing cosmological parameter constraints: Mitigating the impact of intrinsic galaxy alignments}",
  journal = {MNRAS},
archivePrefix = "arXiv",
   eprint = {1303.1808},
 keywords = {cosmology: observations},
     year = 2013,
    month = jul,
   volume = 432,
    pages = {2433-2453},
      doi = {10.1093/mnras/stt601},
   adsurl = {http://adsabs.harvard.edu/abs/2013MNRAS.432.2433H},
  adsnote = {Provided by the SAO/NASA Astrophysics Data System}
}


@ARTICLE{kids450,
   author = {{K{\"o}hlinger}, F. and {Viola}, M. and {Joachimi}, B. and {Hoekstra}, H. and 
	{van Uitert}, E. and {Hildebrandt}, H. and {Choi}, A. and {Erben}, T. and 
	{Heymans}, C. and {Joudaki}, S. and {Klaes}, D. and {Kuijken}, K. and 
	{Merten}, J. and {Miller}, L. and {Schneider}, P. and {Valentijn}, E.~A.
	},
    title = "{KiDS-450: the tomographic weak lensing power spectrum and constraints on cosmological parameters}",
  journal = {MNRAS},
archivePrefix = "arXiv",
   eprint = {1706.02892},
 keywords = {gravitational lensing: weak, cosmological parameters, cosmology: observations, large-scale structure of Universe},
     year = 2017,
    month = nov,
   volume = 471,
    pages = {4412-4435},
      doi = {10.1093/mnras/stx1820},
   adsurl = {http://adsabs.harvard.edu/abs/2017MNRAS.471.4412K},
  adsnote = {Provided by the SAO/NASA Astrophysics Data System}
}

@ARTICLE{rsd,
   author = {{Macaulay}, E. and {Wehus}, I.~K. and {Eriksen}, H.~K.},
    title = "{Lower Growth Rate from Recent Redshift Space Distortion Measurements than Expected from Planck}",
  journal = {Physical Review Letters},
archivePrefix = "arXiv",
   eprint = {1303.6583},
 keywords = {Observational cosmology, Dark energy, Distances redshifts radial velocities, spatial distribution of galaxies, Background radiations},
     year = 2013,
    month = oct,
   volume = 111,
   number = 16,
      eid = {161301},
    pages = {161301},
      doi = {10.1103/PhysRevLett.111.161301},
   adsurl = {http://adsabs.harvard.edu/abs/2013PhRvL.111p1301M},
  adsnote = {Provided by the SAO/NASA Astrophysics Data System}
}

@ARTICLE{neutrinos,
   author = {{Battye}, R.~A. and {Moss}, A.},
    title = "{Evidence for Massive Neutrinos from Cosmic Microwave Background and Lensing Observations}",
  journal = {Physical Review Letters},
archivePrefix = "arXiv",
   eprint = {1308.5870},
 keywords = {Observational cosmology, Neutrino mass and mixing, Gravitational lenses and luminous arcs, Background radiations},
     year = 2014,
    month = feb,
   volume = 112,
   number = 5,
      eid = {051303},
    pages = {051303},
      doi = {10.1103/PhysRevLett.112.051303},
   adsurl = {http://adsabs.harvard.edu/abs/2014PhRvL.112e1303B},
  adsnote = {Provided by the SAO/NASA Astrophysics Data System}
}

@ARTICLE{h0,
   author = {{Di Valentino}, E. and {Melchiorri}, A. and {Silk}, J.},
    title = "{Reconciling Planck with the local value of H$_{0}$ in extended parameter space}",
  journal = {Physics Letters B},
archivePrefix = "arXiv",
   eprint = {1606.00634},
     year = 2016,
    month = oct,
   volume = 761,
    pages = {242-246},
      doi = {10.1016/j.physletb.2016.08.043},
   adsurl = {http://adsabs.harvard.edu/abs/2016PhLB..761..242D},
  adsnote = {Provided by the SAO/NASA Astrophysics Data System}
}

@article{statusreport,
      author         = "Kovetz, Ely D. and others",
      title          = "{Line-Intensity Mapping: 2017 Status Report}",
      year           = "2017",
      eprint         = "1709.09066",
      archivePrefix  = "arXiv",
      primaryClass   = "astro-ph.CO",
      SLACcitation   = "%%CITATION = ARXIV:1709.09066;%%"
}

@article{changetal,
      author         = "Chang, Tzu-Ching and Pen, Ue-Li and Bandura, Kevin and
                        Peterson, Jeffrey B.",
      title          = "{Hydrogen 21-cm Intensity Mapping at redshift 0.8}",
      journal        = "Nature",
      volume         = "466",
      year           = "2010",
      pages          = "463-465",
      doi            = "10.1038/nature09187",
      eprint         = "1007.3709",
      archivePrefix  = "arXiv",
      primaryClass   = "astro-ph.CO",
      SLACcitation   = "%%CITATION = ARXIV:1007.3709;%%"
}

@article{masuietalgbt,
      author         = "Masui, K. W. and others",
      title          = "{Measurement of 21 cm brightness fluctuations at z ~ 0.8
                        in cross-correlation}",
      journal        = "Astrophys. J.",
      volume         = "763",
      year           = "2013",
      pages          = "L20",
      doi            = "10.1088/2041-8205/763/1/L20",
      eprint         = "1208.0331",
      archivePrefix  = "arXiv",
      primaryClass   = "astro-ph.CO",
      SLACcitation   = "%%CITATION = ARXIV:1208.0331;%%"
}

@article{switzeretalgbt,
      author         = "Switzer, E. R. and others",
      title          = "{Determination of z~0.8 neutral hydrogen fluctuations
                        using the 21 cm intensity mapping auto-correlation}",
      journal        = "Mon. Not. Roy. Astron. Soc.",
      volume         = "434",
      year           = "2013",
      pages          = "L46",
      doi            = "10.1093/mnrasl/slt074",
      eprint         = "1304.3712",
      archivePrefix  = "arXiv",
      primaryClass   = "astro-ph.CO",
      SLACcitation   = "%%CITATION = ARXIV:1304.3712;%%"
}

@article{andersonetalparkes,
      author         = "Anderson, C. J. and others",
      title          = "{Lack of clustering in low-redshift 21-cm intensity maps
                        cross-correlated with 2dF galaxy densities}",
      year           = "2017",
      eprint         = "1710.00424",
      archivePrefix  = "arXiv",
      primaryClass   = "astro-ph.CO",
      SLACcitation   = "%%CITATION = ARXIV:1710.00424;%%"
}

@article{meerkat,
      author         = "Booth, R. S. and de Blok, W. J. G. and Jonas, J. L. and
                        Fanaroff, B.",
      title          = "{MeerKAT Key Project Science, Specifications, and
                        Proposals}",
      year           = "2009",
      eprint         = "0910.2935",
      archivePrefix  = "arXiv",
      primaryClass   = "astro-ph.IM",
      SLACcitation   = "%%CITATION = ARXIV:0910.2935;%%"
}

@ARTICLE{gmrteor,
   author = {{Pen}, U.-L. and {Chang}, T.-C. and {Hirata}, C.~M. and {Peterson}, J.~B. and 
	{Roy}, J. and {Gupta}, Y. and {Odegova}, J. and {Sigurdson}, K.
	},
    title = "{The GMRT EoR experiment: limits on polarized sky brightness at 150 MHz}",
  journal = {MNRAS},
archivePrefix = "arXiv",
   eprint = {0807.1056},
 keywords = {polarization , cosmology: observations , radio continuum: ISM},
     year = 2009,
    month = oct,
   volume = 399,
    pages = {181-194},
      doi = {10.1111/j.1365-2966.2009.14980.x},
   adsurl = {http://adsabs.harvard.edu/abs/2009MNRAS.399..181P},
  adsnote = {Provided by the SAO/NASA Astrophysics Data System}
}

@ARTICLE{paper64,
   author = {{Ali}, Z.~S. and {Parsons}, A.~R. and {Zheng}, H. and {Pober}, J.~C. and 
	{Liu}, A. and {Aguirre}, J.~E. and {Bradley}, R.~F. and {Bernardi}, G. and 
	{Carilli}, C.~L. and {Cheng}, C. and {DeBoer}, D.~R. and {Dexter}, M.~R. and 
	{Grobbelaar}, J. and {Horrell}, J. and {Jacobs}, D.~C. and {Klima}, P. and 
	{MacMahon}, D.~H.~E. and {Maree}, M. and {Moore}, D.~F. and 
	{Razavi}, N. and {Stefan}, I.~I. and {Walbrugh}, W.~P. and {Walker}, A.
	},
    title = "{PAPER-64 Constraints on Reionization: The 21 cm Power Spectrum at z = 8.4}",
  journal = {Astrophys. J.},
archivePrefix = "arXiv",
   eprint = {1502.06016},
 keywords = {cosmology: observations, dark ages, reionization, first stars, early universe, instrumentation: interferometers, intergalactic medium},
     year = 2015,
    month = aug,
   volume = 809,
      eid = {61},
    pages = {61},
      doi = {10.1088/0004-637X/809/1/61},
   adsurl = {http://adsabs.harvard.edu/abs/2015ApJ...809...61A},
  adsnote = {Provided by the SAO/NASA Astrophysics Data System}
}

@article{lofareor,
      author         = "Patil, A. H. and others",
      title          = "{Upper limits on the 21-cm Epoch of Reionization power
                        spectrum from one night with LOFAR}",
      journal        = "Astrophys. J.",
      volume         = "838",
      year           = "2017",
      number         = "1",
      pages          = "65",
      doi            = "10.3847/1538-4357/aa63e7",
      eprint         = "1702.08679",
      archivePrefix  = "arXiv",
      primaryClass   = "astro-ph.CO",
      SLACcitation   = "%%CITATION = ARXIV:1702.08679;%%"
}

@ARTICLE{mwaxray,
   author = {{Ewall-Wice}, A. and {Dillon}, J.~S. and {Hewitt}, J.~N. and 
	{Loeb}, A. and {Mesinger}, A. and {Neben}, A.~R. and {Offringa}, A.~R. and 
	{Tegmark}, M. and {Barry}, N. and {Beardsley}, A.~P. and {Bernardi}, G. and 
	{Bowman}, J.~D. and {Briggs}, F. and {Cappallo}, R.~J. and {Carroll}, P. and 
	{Corey}, B.~E. and {de Oliveira-Costa}, A. and {Emrich}, D. and 
	{Feng}, L. and {Gaensler}, B.~M. and {Goeke}, R. and {Greenhill}, L.~J. and 
	{Hazelton}, B.~J. and {Hurley-Walker}, N. and {Johnston-Hollitt}, M. and 
	{Jacobs}, D.~C. and {Kaplan}, D.~L. and {Kasper}, J.~C. and 
	{Kim}, H. and {Kratzenberg}, E. and {Lenc}, E. and {Line}, J. and 
	{Lonsdale}, C.~J. and {Lynch}, M.~J. and {McKinley}, B. and 
	{McWhirter}, S.~R. and {Mitchell}, D.~A. and {Morales}, M.~F. and 
	{Morgan}, E. and {Thyagarajan}, N. and {Oberoi}, D. and {Ord}, S.~M. and 
	{Paul}, S. and {Pindor}, B. and {Pober}, J.~C. and {Prabu}, T. and 
	{Procopio}, P. and {Riding}, J. and {Rogers}, A.~E.~E. and {Roshi}, A. and 
	{Shankar}, N.~U. and {Sethi}, S.~K. and {Srivani}, K.~S. and 
	{Subrahmanyan}, R. and {Sullivan}, I.~S. and {Tingay}, S.~J. and 
	{Trott}, C.~M. and {Waterson}, M. and {Wayth}, R.~B. and {Webster}, R.~L. and 
	{Whitney}, A.~R. and {Williams}, A. and {Williams}, C.~L. and 
	{Wu}, C. and {Wyithe}, J.~S.~B.},
    title = "{First limits on the 21 cm power spectrum during the Epoch of X-ray heating}",
  journal = {MNRAS},
archivePrefix = "arXiv",
   eprint = {1605.00016},
 keywords = {techniques: interferometric, dark ages, reionization, first stars, radio lines: general, X-rays: galaxies},
     year = 2016,
    month = aug,
   volume = 460,
    pages = {4320-4347},
      doi = {10.1093/mnras/stw1022},
   adsurl = {http://adsabs.harvard.edu/abs/2016MNRAS.460.4320E},
  adsnote = {Provided by the SAO/NASA Astrophysics Data System}
}

@ARTICLE{spherex,
   author = {{Dor{\'e}}, O. and {Bock}, J. and {Ashby}, M. and {Capak}, P. and 
	{Cooray}, A. and {de Putter}, R. and {Eifler}, T. and {Flagey}, N. and 
	{Gong}, Y. and {Habib}, S. and {Heitmann}, K. and {Hirata}, C. and 
	{Jeong}, W.-S. and {Katti}, R. and {Korngut}, P. and {Krause}, E. and 
	{Lee}, D.-H. and {Masters}, D. and {Mauskopf}, P. and {Melnick}, G. and 
	{Mennesson}, B. and {Nguyen}, H. and {{\"O}berg}, K. and {Pullen}, A. and 
	{Raccanelli}, A. and {Smith}, R. and {Song}, Y.-S. and {Tolls}, V. and 
	{Unwin}, S. and {Venumadhav}, T. and {Viero}, M. and {Werner}, M. and 
	{Zemcov}, M.},
    title = "{Cosmology with the SPHEREX All-Sky Spectral Survey}",
  journal = {ArXiv e-prints},
archivePrefix = "arXiv",
   eprint = {1412.4872},
 keywords = {Astrophysics - Cosmology and Nongalactic Astrophysics},
     year = 2014,
    month = dec,
   adsurl = {http://adsabs.harvard.edu/abs/2014arXiv1412.4872D},
  adsnote = {Provided by the SAO/NASA Astrophysics Data System}
}

@ARTICLE{wolz2017,
   author = {{Wolz}, L. and {Blake}, C. and {Wyithe}, J.~S.~B.},
    title = "{Determining the H i content of galaxies via intensity mapping cross-correlations}",
  journal = {MNRAS},
archivePrefix = "arXiv",
   eprint = {1703.08268},
 keywords = {galaxies: evolution, large-scale structure of Universe, radio lines: galaxies},
     year = 2017,
    month = sep,
   volume = 470,
    pages = {3220-3226},
      doi = {10.1093/mnras/stx1388},
   adsurl = {http://adsabs.harvard.edu/abs/2017MNRAS.470.3220W},
  adsnote = {Provided by the SAO/NASA Astrophysics Data System}
}

@article{pontzenbias,
      author         = "Pontzen, Andrew",
      title          = "{Scale-dependent bias in the
                        baryonic-acoustic-oscillation-scale intergalactic neutral
                        hydrogen}",
      journal        = "Phys. Rev.",
      volume         = "D89",
      year           = "2014",
      number         = "8",
      pages          = "083010",
      doi            = "10.1103/PhysRevD.89.083010",
      eprint         = "1402.0506",
      archivePrefix  = "arXiv",
      primaryClass   = "astro-ph.CO",
      SLACcitation   = "%%CITATION = ARXIV:1402.0506;%%"
}

@article{alvarezetal,
      author         = "Alvarez, Marcelo and others",
      title          = "{Testing Inflation with Large Scale Structure: Connecting
                        Hopes with Reality}",
      year           = "2014",
      eprint         = "1412.4671",
      archivePrefix  = "arXiv",
      primaryClass   = "astro-ph.CO",
      SLACcitation   = "%%CITATION = ARXIV:1412.4671;%%"
}

@ARTICLE{redundantbaselines,
   author = {{Liu}, A. and {Tegmark}, M. and {Morrison}, S. and {Lutomirski}, A. and 
	{Zaldarriaga}, M.},
    title = "{Precision calibration of radio interferometers using redundant baselines}",
  journal = {MNRAS},
archivePrefix = "arXiv",
   eprint = {1001.5268},
 primaryClass = "astro-ph.IM",
 keywords = {instrumentation: interferometers, methods: data analysis, cosmology: observations, radio continuum: general},
     year = 2010,
    month = oct,
   volume = 408,
    pages = {1029-1050},
      doi = {10.1111/j.1365-2966.2010.17174.x},
   adsurl = {http://adsabs.harvard.edu/abs/2010MNRAS.408.1029L},
  adsnote = {Provided by the SAO/NASA Astrophysics Data System}
}

@ARTICLE{corrcal,
   author = {{Sievers}, J.~L.},
    title = "{Calibration of Quasi-Redundant Interferometers}",
  journal = {ArXiv e-prints},
archivePrefix = "arXiv",
   eprint = {1701.01860},
 primaryClass = "astro-ph.IM",
 keywords = {Astrophysics - Instrumentation and Methods for Astrophysics},
     year = 2017,
    month = jan,
   adsurl = {http://adsabs.harvard.edu/abs/2017arXiv170101860S},
  adsnote = {Provided by the SAO/NASA Astrophysics Data System}
}

%%%%%%%%%%%%%%%%%%%%%%%%%%%%%%%%%%%%%%%%
%%%%%%%%%%%%%% PEAK PATCH SIMS %%%%%%%%%%%%%%%%
%%%%%%%%%%%%%%%%%%%%%%%%%%%%%%%%%%%%%%%%

@article{pad2015,
      author         = "Padmanabhan, Hamsa and Choudhury, T. Roy and Refregier,
                        Alexandre",
      title          = "{Modelling the cosmic neutral hydrogen from DLAs and 21
                        cm observations}",
      journal        = "Mon. Not. Roy. Astron. Soc.",
      volume         = "458",
      year           = "2016",
      number         = "1",
      pages          = "781-788",
      doi            = "10.1093/mnras/stw353",
      eprint         = "1505.00008",
      archivePrefix  = "arXiv",
      primaryClass   = "astro-ph.CO",
      SLACcitation   = "%%CITATION = ARXIV:1505.00008;%%"
}

@article{pad2016,
      author         = "Padmanabhan, Hamsa and Refregier, Alexandre",
      title          = "{Constraining a halo model for cosmological neutral
                        hydrogen}",
      journal        = "Mon. Not. Roy. Astron. Soc.",
      volume         = "464",
      year           = "2017",
      number         = "4",
      pages          = "4008-4017",
      doi            = "10.1093/mnras/stw2706",
      eprint         = "1607.01021",
      archivePrefix  = "arXiv",
      primaryClass   = "astro-ph.CO",
      SLACcitation   = "%%CITATION = ARXIV:1607.01021;%%"
}

@article{castorina2016,
      author         = "Castorina, Emanuele and Villaescusa-Navarro, Francisco",
      title          = "{On the spatial distribution of neutral hydrogen in the
                        Universe: bias and shot-noise of the HI Power Spectrum}",
      journal        = "Mon. Not. Roy. Astron. Soc.",
      volume         = "471",
      year           = "2017",
      pages          = "1788",
      doi            = "10.1093/mnras/stx1599",
      eprint         = "1609.05157",
      archivePrefix  = "arXiv",
      primaryClass   = "astro-ph.CO",
      SLACcitation   = "%%CITATION = ARXIV:1609.05157;%%"
}

@ARTICLE{peakpatch1,
   author = {{Bond}, J.~R. and {Myers}, S.~T.},
    title = "{The Peak-Patch Picture of Cosmic Catalogs. I. Algorithms}",
  journal = "Astrophys. J. S.",
 keywords = {COSMOLOGY: THEORY, GALAXIES: FORMATION, GALAXIES: CLUSTERS: GENERAL, METHODS: NUMERICAL},
     year = 1996,
    month = mar,
   volume = 103,
    pages = {1},
      doi = {10.1086/192267},
   adsurl = {http://adsabs.harvard.edu/abs/1996ApJS..103....1B},
  adsnote = {Provided by the SAO/NASA Astrophysics Data System}
}

%%%%%%% M-MODES PAPER %%%%%%%%%%%%%%%

@article{chimepath1,
      author         = "Bandura, Kevin and others",
      title          = "{Canadian Hydrogen Intensity Mapping Experiment (CHIME)
                        Pathfinder}",
      journal        = "Proc. SPIE Int. Soc. Opt. Eng.",
      volume         = "9145",
      year           = "2014",
      pages          = "22",
      doi            = "10.1117/12.2054950",
      eprint         = "1406.2288",
      archivePrefix  = "arXiv",
      primaryClass   = "astro-ph.IM",
      SLACcitation   = "%%CITATION = ARXIV:1406.2288;%%"
}
 
@article{chimepath2,
      author         = "Newburgh, Laura B. and others",
      title          = "{Calibrating CHIME, A New Radio Interferometer to Probe
                        Dark Energy}",
      journal        = "Proc. SPIE Int. Soc. Opt. Eng.",
      volume         = "9145",
      year           = "2014",
      pages          = "4V",
      doi            = "10.1117/12.2056962",
      eprint         = "1406.2267",
      archivePrefix  = "arXiv",
      primaryClass   = "astro-ph.IM",
      SLACcitation   = "%%CITATION = ARXIV:1406.2267;%%"
}

@INPROCEEDINGS{xeng1,
   author = {{Denman}, N. and {Amiri}, M. and {Bandura}, K. and {Cliche}, J.-F. and 
	{Connor}, L. and {Dobbs}, M. and {Fandino}, M. and {Halpern}, M. and 
	{Hincks}, A. and {Hinshaw}, G. and {H{\"o}fer}, C. and {Klages}, P. and 
	{Masui}, K. and {Mena Parra}, J. and {Newburgh}, L. and {Recnik}, A. and 
	{Shaw}, J.~R. and {Sigurdson}, K. and {Smith}, K. and {Vanderlinde}, K.
	},
    title = "{A GPU-based Correlator X-engine Implemented on the CHIME Pathfinder}",
    	booktitle={2015 IEEE 26th International Conference on Application-specific Systems, Architectures and Processors (ASAP)},
archivePrefix = "arXiv",
   eprint = {1503.06202},
 primaryClass = "astro-ph.IM",
 keywords = {Astrophysics - Instrumentation and Methods for Astrophysics},
     year = 2015,
     pages ={35-40},
    month = mar,
   adsurl = {http://adsabs.harvard.edu/abs/2015arXiv150306202D},
  adsnote = {Provided by the SAO/NASA Astrophysics Data System}
}
	
@INPROCEEDINGS{xeng2,
   author = {{Recnik}, A. and {Bandura}, K. and {Denman}, N. and {Hincks}, A.~D. and 
	{Hinshaw}, G. and {Klages}, P. and {Pen}, U.-L. and {Vanderlinde}, K.
	},
    title = "{An Efficient Real-time Data Pipeline for the CHIME Pathfinder Radio Telescope X-Engine}",
    	booktitle={2015 IEEE 26th International Conference on Application-specific Systems, Architectures and Processors (ASAP)},
archivePrefix = "arXiv",
   eprint = {1503.06189},
 primaryClass = "astro-ph.IM",
 keywords = {Astrophysics - Instrumentation and Methods for Astrophysics},
     year = 2015,
     pages ={57-61},
    month = mar,
   adsurl = {http://adsabs.harvard.edu/abs/2015arXiv150306189R},
  adsnote = {Provided by the SAO/NASA Astrophysics Data System}
}

@INPROCEEDINGS{xeng3,
   author = {{Klages}, P. and {Bandura}, K. and {Denman}, N. and {Recnik}, A. and 
	{Sievers}, J. and {Vanderlinde}, K.},
	booktitle={2015 IEEE 26th International Conference on Application-specific Systems, Architectures and Processors (ASAP)},
    title = "{GPU Kernels for High-Speed 4-Bit Astrophysical Data Processing}",
archivePrefix = "arXiv",
   eprint = {1503.06203},
 primaryClass = "astro-ph.IM",
 keywords = {Astrophysics - Instrumentation and Methods for Astrophysics},
     year = 2015,
     pages ={164-165},
    month = mar,
   adsurl = {http://adsabs.harvard.edu/abs/2015arXiv150306203K},
  adsnote = {Provided by the SAO/NASA Astrophysics Data System}
}

@INPROCEEDINGS{meiling, 
author={M. Deng and D. Campbell-Wilson}, 
booktitle={Antenna Technology and Applied Electromagnetics (ANTEM), 2014 16th International Symposium on}, 
title={The cloverleaf antenna: A compact wide-bandwidth dual-polarization feed for CHIME}, 
year={2014}, 
pages={1-2}, 
keywords={UHF antennas;antenna feeds;electromagnetic wave polarisation;radiotelescopes;CHIME radio telescope;CST;azimuthal rotation;compact wide-bandwidth dual-polarization feed antenna;dual-polarization cloverleaf-shaped antenna;frequency 400 MHz to 800 MHz;linear array;low loss circuit boards;Antenna feeds;Antenna measurements;Broadband antennas;Extraterrestrial measurements;Shape;Transmission line measurements;antenna;dual polarization;radio telescope;wide bandwidth}, 
doi={10.1109/ANTEM.2014.6887670}, 
month={July},
}

@article{furl,
      author         = "Furlanetto, Steven and Oh, S. Peng and Briggs, Frank",
      title          = "{Cosmology at Low Frequencies: The 21 cm Transition and
                        the High-Redshift Universe}",
      journal        = "Phys. Rept.",
      volume         = "433",
      year           = "2006",
      pages          = "181-301",
      doi            = "10.1016/j.physrep.2006.08.002",
      eprint         = "astro-ph/0608032",
      archivePrefix  = "arXiv",
      primaryClass   = "astro-ph",
      SLACcitation   = "%%CITATION = ASTRO-PH/0608032;%%"
}

@article{moraleswyithe,
      author         = "Morales, Miguel F. and Wyithe, J. Stuart B.",
      title          = "{Reionization and Cosmology with 21 cm Fluctuations}",
      journal        = "Ann. Rev. Astron. Astrophys.",
      volume         = "48",
      year           = "2010",
      pages          = "127-171",
      doi            = "10.1146/annurev-astro-081309-130936",
      eprint         = "0910.3010",
      archivePrefix  = "arXiv",
      primaryClass   = "astro-ph.CO",
      SLACcitation   = "%%CITATION = ARXIV:0910.3010;%%"
}

@article{bao1,
      author         = "Chang, Tzu-Ching and Pen, Ue-Li and Peterson, Jeffrey B.
                        and McDonald, Patrick",
      title          = "{Baryon Acoustic Oscillation Intensity Mapping as a Test
                        of Dark Energy}",
      journal        = "Phys. Rev. Lett.",
      volume         = "100",
      year           = "2008",
      pages          = "091303",
      doi            = "10.1103/PhysRevLett.100.091303",
      eprint         = "0709.3672",
      archivePrefix  = "arXiv",
      primaryClass   = "astro-ph",
      SLACcitation   = "%%CITATION = ARXIV:0709.3672;%%"
}

@article{santoscoorayknox,
      author         = "Santos, Mario G. and Cooray, Asantha and Knox, Lloyd",
      title          = "{Multifrequency analysis of 21 cm fluctuations from the
                        era of reionization}",
      journal        = "Astrophys. J.",
      volume         = "625",
      year           = "2005",
      pages          = "575-587",
      doi            = "10.1086/429857",
      eprint         = "astro-ph/0408515",
      archivePrefix  = "arXiv",
      primaryClass   = "astro-ph",
      SLACcitation   = "%%CITATION = ASTRO-PH/0408515;%%"
}
  
@article{mmodes1,
      author         = "Shaw, J. Richard and Sigurdson, Kris and Pen, Ue-Li and
                        Stebbins, Albert and Sitwell, Michael",
      title          = "{All-Sky Interferometry with Spherical Harmonic Transit
                        Telescopes}",
      journal        = "Astrophys. J.",
      volume         = "781",
      year           = "2014",
      pages          = "57",
      doi            = "10.1088/0004-637X/781/2/57",
      eprint         = "1302.0327",
      archivePrefix  = "arXiv",
      primaryClass   = "astro-ph.CO",
      reportNumber   = "FERMILAB-PUB-13-038-A",
      SLACcitation   = "%%CITATION = ARXIV:1302.0327;%%"
}

@article{mmodes2,
      author         = "Shaw, J. Richard and Sigurdson, Kris and Sitwell, Michael
                        and Stebbins, Albert and Pen, Ue-Li",
      title          = "{Coaxing cosmic 21 cm fluctuations from the polarized
                        sky using m-mode analysis}",
      journal        = "Phys. Rev.",
      volume         = "D91",
      year           = "2015",
      number         = "8",
      pages          = "083514",
      doi            = "10.1103/PhysRevD.91.083514",
      eprint         = "1401.2095",
      archivePrefix  = "arXiv",
      primaryClass   = "astro-ph.CO",
      reportNumber   = "FERMILAB-PUB-14-044-A",
      SLACcitation   = "%%CITATION = ARXIV:1401.2095;%%"
}

@ARTICLE{clean,
   author = {{H{\"o}gbom}, J.~A.},
    title = "{Aperture Synthesis with a Non-Regular Distribution of Interferometer Baselines}",
  journal ="Astron. Astrophys. Suppl.",
     year = 1974,
    month = jun,
   volume = 15,
    pages = {417},
   adsurl = {http://adsabs.harvard.edu/abs/1974A%26AS...15..417H},
  adsnote = {Provided by the SAO/NASA Astrophysics Data System}
}

@ARTICLE{cleanlofar1,
   author = {{Cornwell}, T.~J.},
    title = "{Multiscale CLEAN Deconvolution of Radio Synthesis Images}",
  journal = {IEEE Journal of Selected Topics in Signal Processing},
     year = 2008,
    month = nov,
   volume = 2,
    pages = {793-801},
      doi = {10.1109/JSTSP.2008.2006388},
   adsurl = {http://adsabs.harvard.edu/abs/2008ISTSP...2..793C},
  adsnote = {Provided by the SAO/NASA Astrophysics Data System}
}

@ARTICLE{cleanlofar2,
   author = {{Rau}, U. and {Cornwell}, T.~J.},
    title = "{A multi-scale multi-frequency deconvolution algorithm for synthesis imaging in radio interferometry}",
  journal = {\aap},
archivePrefix = "arXiv",
   eprint = {1106.2745},
 primaryClass = "astro-ph.IM",
 keywords = {techniques: interferometric, techniques: image processing, methods: numerical, radio continuum: general},
     year = 2011,
    month = aug,
   volume = 532,
      eid = {A71},
    pages = {A71},
      doi = {10.1051/0004-6361/201117104},
   adsurl = {http://adsabs.harvard.edu/abs/2011A%26A...532A..71R},
  adsnote = {Provided by the SAO/NASA Astrophysics Data System}
}

@ARTICLE{aprojection,
   author = {{Tasse}, C. and {van der Tol}, S. and {van Zwieten}, J. and 
	{van Diepen}, G. and {Bhatnagar}, S.},
    title = "{Applying full polarization A-Projection to very wide field of view instruments: An imager for LOFAR}",
  journal = {\aap},
archivePrefix = "arXiv",
   eprint = {1212.6178},
 primaryClass = "astro-ph.IM",
 keywords = {instrumentation: interferometers, techniques: interferometric, techniques: image processing},
     year = 2013,
    month = may,
   volume = 553,
      eid = {A105},
    pages = {A105},
      doi = {10.1051/0004-6361/201220882},
   adsurl = {http://adsabs.harvard.edu/abs/2013A%26A...553A.105T},
  adsnote = {Provided by the SAO/NASA Astrophysics Data System}
}

@INPROCEEDINGS{peeling,
   author = {{Noordam}, J.~E.},
    title = "{LOFAR calibration challenges}",
booktitle = {Ground-based Telescopes},
     year = 2004,
   series = "Proc. SPIE",
   volume = 5489,
   editor = {{Oschmann}, Jr., J.~M.},
    month = oct,
    pages = {817-825},
      doi = {10.1117/12.544262},
   adsurl = {http://adsabs.harvard.edu/abs/2004SPIE.5489..817N},
  adsnote = {Provided by the SAO/NASA Astrophysics Data System}
}

@ARTICLE{mwaps,
   author = {{Jacobs}, D.~C. and {Hazelton}, B.~J. and {Trott}, C.~M. and 
	{Dillon}, J.~S. and {Pindor}, B. and {Sullivan}, I.~S. and {Pober}, J.~C. and 
	{Barry}, N. and {Beardsley}, A.~P. and {Bernardi}, G. and {Bowman}, J.~D. and 
	{Briggs}, F. and {Cappallo}, R.~J. and {Carroll}, P. and {Corey}, B.~E. and 
	{de Oliveira-Costa}, A. and {Emrich}, D. and {Ewall-Wice}, A. and 
	{Feng}, L. and {Gaensler}, B.~M. and {Goeke}, R. and {Greenhill}, L.~J. and 
	{Hewitt}, J.~N. and {Hurley-Walker}, N. and {Johnston-Hollitt}, M. and 
	{Kaplan}, D.~L. and {Kasper}, J.~C. and {Kim}, H. and {Kratzenberg}, E. and 
	{Lenc}, E. and {Line}, J. and {Loeb}, A. and {Lonsdale}, C.~J. and 
	{Lynch}, M.~J. and {McKinley}, B. and {McWhirter}, S.~R. and 
	{Mitchell}, D.~A. and {Morales}, M.~F. and {Morgan}, E. and 
	{Neben}, A.~R. and {Thyagarajan}, N. and {Oberoi}, D. and {Offringa}, A.~R. and 
	{Ord}, S.~M. and {Paul}, S. and {Prabu}, T. and {Procopio}, P. and 
	{Riding}, J. and {Rogers}, A.~E.~E. and {Roshi}, A. and {Udaya Shankar}, N. and 
	{Sethi}, S.~K. and {Srivani}, K.~S. and {Subrahmanyan}, R. and 
	{Tegmark}, M. and {Tingay}, S.~J. and {Waterson}, M. and {Wayth}, R.~B. and 
	{Webster}, R.~L. and {Whitney}, A.~R. and {Williams}, A. and 
	{Williams}, C.~L. and {Wu}, C. and {Wyithe}, J.~S.~B.},
    title = "{The Murchison Widefield Array 21 cm Power Spectrum Analysis Methodology}",
  journal = {\apj},
archivePrefix = "arXiv",
   eprint = {1605.06978},
 primaryClass = "astro-ph.IM",
 keywords = {dark ages, reionization, first stars, methods: data analysis, techniques: interferometric},
     year = 2016,
    month = jul,
   volume = 825,
      eid = {114},
    pages = {114},
      doi = {10.3847/0004-637X/825/2/114},
   adsurl = {http://adsabs.harvard.edu/abs/2016ApJ...825..114J},
  adsnote = {Provided by the SAO/NASA Astrophysics Data System}
}

@article{wedge1,
      author         = "Morales, Miguel F. and Hazelton, Bryna and Sullivan, Ian
                        and Beardsley, Adam",
      title          = "{Four Fundamental Foreground Power Spectrum Shapes for 21
                        cm Cosmology Observations}",
      journal        = "Astrophys. J.",
      volume         = "752",
      year           = "2012",
      pages          = "137",
      doi            = "10.1088/0004-637X/752/2/137",
      eprint         = "1202.3830",
      archivePrefix  = "arXiv",
      primaryClass   = "astro-ph.IM",
      SLACcitation   = "%%CITATION = ARXIV:1202.3830;%%"
}

@article{wedge2,
      author         = "Liu, A. and Parsons, A. R. and Trott, C. M.",
      title          = "{Epoch of reionization window. I. Mathematical
                        formalism}",
      journal        = "Phys. Rev.",
      volume         = "D90",
      year           = "2014",
      number         = "2",
      pages          = "023018",
      doi            = "10.1103/PhysRevD.90.023018",
      eprint         = "1404.2596",
      archivePrefix  = "arXiv",
      primaryClass   = "astro-ph.CO",
      SLACcitation   = "%%CITATION = ARXIV:1404.2596;%%"
}

@book{radio1,
    author    = "Thompson, A. R. and Moran, J. M. and Swenson, G. W.",
    title     = "{Interferometry and Synthesis in Radio Astronomy, 2nd Ed.}",
    publisher = "WILEY-VCH",
    address  = "Weinheim",
    year      = "2004",
}

@book{radio2,
    author    = "Baars, J. W. M.",
    title     = "{The Paraboloidal Reflector Antenna in Radio Astronomy and Communication}",
    publisher = "Springer Science",
    address  = "New York",
    year      = "2007",
}

@book{wiener,
 author = {Wiener, Norbert},
 title = {Extrapolation, Interpolation, and Smoothing of Stationary Time Series},
 year = {1949},
 isbn = {0262730057},
 publisher = {J. Wiley},
 address = "New York, N.Y."
}

@ARTICLE{bondjaffeknox,
   author = {{Bond}, J.~R. and {Jaffe}, A.~H. and {Knox}, L.},
    title = "{Estimating the power spectrum of the cosmic microwave background}",
  journal = {\prd},
   eprint = {astro-ph/9708203},
 keywords = {Background radiations},
     year = 1998,
    month = feb,
   volume = 57,
    pages = {2117-2137},
      doi = {10.1103/PhysRevD.57.2117},
   adsurl = {http://adsabs.harvard.edu/abs/1998PhRvD..57.2117B},
  adsnote = {Provided by the SAO/NASA Astrophysics Data System}
}

@ARTICLE{myerscbi,
   author = {{Myers}, S.~T. and {Contaldi}, C.~R. and {Bond}, J.~R. and {Pen}, U.-L. and 
	{Pogosyan}, D. and {Prunet}, S. and {Sievers}, J.~L. and {Mason}, B.~S. and 
	{Pearson}, T.~J. and {Readhead}, A.~C.~S. and {Shepherd}, M.~C.
	},
    title = "{A Fast Gridded Method for the Estimation of the Power Spectrum of the Cosmic Microwave Background from Interferometer Data with Application to the Cosmic Background Imager}",
  journal = {\apj},
   eprint = {astro-ph/0205385},
 keywords = {Cosmology: Cosmic Microwave Background, Methods: Data Analysis},
     year = 2003,
    month = jul,
   volume = 591,
    pages = {575-598},
      doi = {10.1086/375509},
   adsurl = {http://adsabs.harvard.edu/abs/2003ApJ...591..575M},
  adsnote = {Provided by the SAO/NASA Astrophysics Data System}
}

@ARTICLE{tegmark,
   author = {{Tegmark}, M.},
    title = "{How to measure CMB power spectra without losing information}",
  journal = {\prd},
   eprint = {astro-ph/9611174},
 keywords = {Background radiations, Origin and formation of the Universe, Observational cosmology},
     year = 1997,
    month = may,
   volume = 55,
    pages = {5895-5907},
      doi = {10.1103/PhysRevD.55.5895},
   adsurl = {http://adsabs.harvard.edu/abs/1997PhRvD..55.5895T},
  adsnote = {Provided by the SAO/NASA Astrophysics Data System}
}

@ARTICLE{liutegmark,
   author = {{Liu}, A. and {Tegmark}, M.},
    title = "{A method for 21 cm power spectrum estimation in the presence of foregrounds}",
  journal = {\prd},
archivePrefix = "arXiv",
   eprint = {1103.0281},
 primaryClass = "astro-ph.CO",
 keywords = {Observation and data reduction techniques, computer modeling and simulation, Mathematical procedures and computer techniques, Observational cosmology},
     year = 2011,
    month = may,
   volume = 83,
   number = 10,
      eid = {103006},
    pages = {103006},
      doi = {10.1103/PhysRevD.83.103006},
   adsurl = {http://adsabs.harvard.edu/abs/2011PhRvD..83j3006L},
  adsnote = {Provided by the SAO/NASA Astrophysics Data System}
}

@inproceedings{bingoupdate,
      author         = "Battye, Richard and others",
      title          = "{Update on the BINGO 21cm intensity mapping experiment}",
      year           = "2016",
      eprint         = "1610.06826",
      archivePrefix  = "arXiv",
      primaryClass   = "astro-ph.CO",
      SLACcitation   = "%%CITATION = ARXIV:1610.06826;%%"
}

@ARTICLE{hera,
   author = {{DeBoer}, D.~R. and {Parsons}, A.~R. and {Aguirre}, J.~E. and 
	{Alexander}, P. and {Ali}, Z.~S. and {Beardsley}, A.~P. and 
	{Bernardi}, G. and {Bowman}, J.~D. and {Bradley}, R.~F. and 
	{Carilli}, C.~L. and {Cheng}, C. and {de Lera Acedo}, E. and 
	{Dillon}, J.~S. and {Ewall-Wice}, A. and {Fadana}, G. and {Fagnoni}, N. and 
	{Fritz}, R. and {Furlanetto}, S.~R. and {Glendenning}, B. and 
	{Greig}, B. and {Grobbelaar}, J. and {Hazelton}, B.~J. and {Hewitt}, J.~N. and 
	{Hickish}, J. and {Jacobs}, D.~C. and {Julius}, A. and {Kariseb}, M. and 
	{Kohn}, S.~A. and {Lekalake}, T. and {Liu}, A. and {Loots}, A. and 
	{MacMahon}, D. and {Malan}, L. and {Malgas}, C. and {Maree}, M. and 
	{Mathison}, N. and {Matsetela}, E. and {Mesinger}, A. and {Morales}, M.~F. and 
	{Neben}, A.~R. and {Patra}, N. and {Pieterse}, S. and {Pober}, J.~C. and 
	{Razavi-Ghods}, N. and {Ringuette}, J. and {Robnett}, J. and 
	{Rosie}, K. and {Sell}, R. and {Smith}, C. and {Syce}, A. and 
	{Tegmark}, M. and {Thyagarajan}, N. and {Williams}, P.~K.~G. and 
	{Zheng}, H.},
    title = "{Hydrogen Epoch of Reionization Array (HERA)}",
  journal = {ArXiv e-prints},
archivePrefix = "arXiv",
   eprint = {1606.07473},
 primaryClass = "astro-ph.IM",
 keywords = {Astrophysics - Instrumentation and Methods for Astrophysics, Astrophysics - Cosmology and Nongalactic Astrophysics},
     year = 2016,
    month = jun,
   adsurl = {http://adsabs.harvard.edu/abs/2016arXiv160607473D},
  adsnote = {Provided by the SAO/NASA Astrophysics Data System}
}

@ARTICLE{tianlai,
   author = {{Chen}, X.},
    title = "{The Tianlai Project: a 21CM Cosmology Experiment}",
  journal = {International Journal of Modern Physics Conference Series},
archivePrefix = "arXiv",
   eprint = {1212.6278},
 primaryClass = "astro-ph.IM",
 keywords = {21cm, dark energy, baryon acoustic oscillation},
     year = 2012,
    month = mar,
   volume = 12,
    pages = {256-263},
      doi = {10.1142/S2010194512006459},
   adsurl = {http://adsabs.harvard.edu/abs/2012IJMPS..12..256C},
  adsnote = {Provided by the SAO/NASA Astrophysics Data System}
}

@INPROCEEDINGS{hirax,
   author = {{Newburgh}, L.~B. and {Bandura}, K. and {Bucher}, M.~A. and 
	{Chang}, T.-C. and {Chiang}, H.~C. and {Cliche}, J.~F. and {Dav{\'e}}, R. and 
	{Dobbs}, M. and {Clarkson}, C. and {Ganga}, K.~M. and {Gogo}, T. and 
	{Gumba}, A. and {Gupta}, N. and {Hilton}, M. and {Johnstone}, B. and 
	{Karastergiou}, A. and {Kunz}, M. and {Lokhorst}, D. and {Maartens}, R. and 
	{Macpherson}, S. and {Mdlalose}, M. and {Moodley}, K. and {Ngwenya}, L. and 
	{Parra}, J.~M. and {Peterson}, J. and {Recnik}, O. and {Saliwanchik}, B. and 
	{Santos}, M.~G. and {Sievers}, J.~L. and {Smirnov}, O. and {Stronkhorst}, P. and 
	{Taylor}, R. and {Vanderlinde}, K. and {Van Vuuren}, G. and 
	{Weltman}, A. and {Witzemann}, A.},
    title = "{HIRAX: a probe of dark energy and radio transients}",
booktitle = {Society of Photo-Optical Instrumentation Engineers (SPIE) Conference Series},
     year = 2016,
   series = {\procspie},
   volume = 9906,
archivePrefix = "arXiv",
   eprint = {1607.02059},
 primaryClass = "astro-ph.IM",
    month = aug,
      eid = {99065X},
    pages = {99065X},
      doi = {10.1117/12.2234286},
   adsurl = {http://adsabs.harvard.edu/abs/2016SPIE.9906E..5XN},
  adsnote = {Provided by the SAO/NASA Astrophysics Data System}
}



@article{smf1,
author = "Sherman, Jack and Morrison, Winifred J.",
doi = "10.1214/aoms/1177729959",
fjournal = "The Annals of Mathematical Statistics",
journal = "Ann. Math. Statist.",
month = "12",
number = "4",
pages = "620--624",
publisher = "The Institute of Mathematical Statistics",
title = "Abstracts of Papers",
volume = "20",
year = "1949"
}

@article{smf2,
author = "Sherman, Jack and Morrison, Winifred J.",
doi = "10.1214/aoms/1177729893",
fjournal = "The Annals of Mathematical Statistics",
journal = "Ann. Math. Statist.",
month = "03",
number = "1",
pages = "124--127",
publisher = "The Institute of Mathematical Statistics",
title = "Adjustment of an Inverse Matrix Corresponding to a Change in One Element of a Given Matrix",
volume = "21",
year = "1950"
}

@ARTICLE{haslam1981,
   author = {{Haslam}, C.~G.~T. and {Klein}, U. and {Salter}, C.~J. and {Stoffel}, H. and 
	{Wilson}, W.~E. and {Cleary}, M.~N. and {Cooke}, D.~J. and {Thomasson}, P.
	},
    title = "{A 408 MHz all-sky continuum survey. I - Observations at southern declinations and for the North Polar region}",
  journal = {\aap},
 keywords = {All Sky Photography, Continuous Spectra, Galactic Structure, Radio Astronomy, Astronomical Maps, Calibrating, Data Reduction, Northern Hemisphere, Very High Frequencies},
     year = 1981,
    month = jul,
   volume = 100,
    pages = {209-219},
   adsurl = {http://adsabs.harvard.edu/abs/1981A%26A...100..209H},
  adsnote = {Provided by the SAO/NASA Astrophysics Data System}
}

@ARTICLE{haslam1982,
   author = {{Haslam}, C.~G.~T. and {Salter}, C.~J. and {Stoffel}, H. and 
	{Wilson}, W.~E.},
    title = "{A 408 MHz all-sky continuum survey. II - The atlas of contour maps}",
  journal = {\aaps},
 keywords = {Astronomical Maps, Radio Astronomy, Ultrahigh Frequencies, Galactic Structure, Radio Telescopes, Relief Maps},
     year = 1982,
    month = jan,
   volume = 47,
    pages = {1},
   adsurl = {http://adsabs.harvard.edu/abs/1982A%26AS...47....1H},
  adsnote = {Provided by the SAO/NASA Astrophysics Data System}
}

@ARTICLE{woodbury,
   author = {{Woodbury}, M.~A.},
    title = "{Inverting modified matrcies.}",
  journal = "Statistical Research Group, Memo. Rep. no. 42, Princeton University",
     year = 1950,
    pages = {4},
    publisher = "Princeton University",
   adsurl = {http://adsabs.harvard.edu/abs/1982A%26AS...47....1H},
  adsnote = {Provided by the SAO/NASA Astrophysics Data System}
}


@article{scinet,
  author={Chris Loken and Daniel Gruner and Leslie Groer and Richard Peltier and Neil Bunn and Michael Craig and Teresa
Henriques and Jillian Dempsey and Ching-Hsing Yu and Joseph Chen and L Jonathan Dursi and Jason Chong and Scott
Northrup and Jaime Pinto and Neil Knecht and Ramses Van Zon},
  title={SciNet: Lessons Learned from Building a Power-efficient Top-20 System and Data Centre},
  journal={Journal of Physics: Conference Series},
  volume={256},
  number={1},
  pages={012026},
  url={http://stacks.iop.org/1742-6596/256/i=1/a=012026},
  year={2010},
  abstract={SciNet, one of seven regional HPC consortia operating under the Compute Canada umbrella, runs Canada's first and third fastest computers (as of June 2010) in a state-of-the-art, highly energy-efficient datacentre with a Power Usage Effectiveness (PUE) design-point of 1.16. Power efficiency, computational "bang for the buck" and system capability for a handful of flagship science projects were important criteria in choosing the nature of the computers and the data centre itself. Here we outline some of the lessons learned in putting together the systems and the data centre that hosts Canada's fastest computer to date.}
}

@article{ewall-wice2016,
      author         = "Ewall-Wice, Aaron and Dillon, Joshua S. and Liu, Adrian
                        and Hewitt, Jacqueline",
      title          = "{The Impact of Modeling Errors on Interferometer
                        Calibration for 21 cm Power Spectra}",
      doi            = "10.1093/mnras/stx1221",
      year           = "2016",
      eprint         = "1610.02689",
      archivePrefix  = "arXiv",
      primaryClass   = "astro-ph.CO",
      SLACcitation   = "%%CITATION = ARXIV:1610.02689;%%"
}

@article{barry2016,
      author         = "Barry, N. and Hazelton, B. and Sullivan, I. and Morales,
                        M. F. and Pober, J. C.",
      title          = "{Calibration requirements for detecting the 21 cm epoch
                        of reionization power spectrum and implications for the
                        SKA}",
      journal        = "Mon. Not. Roy. Astron. Soc.",
      volume         = "461",
      year           = "2016",
      number         = "3",
      pages          = "3135-3144",
      doi            = "10.1093/mnras/stw1380",
      eprint         = "1603.00607",
      archivePrefix  = "arXiv",
      primaryClass   = "astro-ph.IM",
      SLACcitation   = "%%CITATION = ARXIV:1603.00607;%%"
}

@ARTICLE{commander,
   author = {{Eriksen}, H.~K. and {Jewell}, J.~B. and {Dickinson}, C. and 
	{Banday}, A.~J. and {G{\'o}rski}, K.~M. and {Lawrence}, C.~R.},
    title = "{Joint Bayesian Component Separation and CMB Power Spectrum Estimation}",
  journal = "Astrophys. J.",
archivePrefix = "arXiv",
   eprint = {0709.1058},
 keywords = {cosmic microwave background, cosmology: observations, methods: numerical },
     year = 2008,
    month = mar,
   volume = 676,
      eid = {10-32},
    pages = {10-32},
      doi = {10.1086/525277},
   adsurl = {http://adsabs.harvard.edu/abs/2008ApJ...676...10E},
  adsnote = {Provided by the SAO/NASA Astrophysics Data System}
}
